@book{introdl,
address = {Cambridge},
author = {Franz Baader and Ian Horrocks and Carsten Lutz and Uli Sattler},
publisher = {Cambridge University Press},
title = {{An Introduction to Description Logic}},
year = {2017}
}

@book{dlhandbook,
  title={The description logic handbook: Theory, implementation and applications},
  author={Baader, Franz and Calvanese, Diego and McGuinness, Deborah and Patel-Schneider, Peter and Nardi, Daniele and others},
  year={2003},
  publisher={Cambridge University Press}
}

@book{margolis1999,
  title={Concepts: core readings},
  author={Margolis, Eric and Laurence, Stephen and others},
  year={1999},
  address={Cambridge, MA},
  publisher={Mit Press}
}

@article{rosch1976,
  title={Basic objects in natural categories},
  author={Rosch, Eleanor and Mervis, Carolyn B and Gray, Wayne D and Johnson, David M and Boyes-Braem, Penny},
  journal={Cognitive psychology},
  volume={8},
  number={3},
  pages={382--439},
  year={1976},
  publisher={Elsevier}
}
%corrigir essa entrada pro livro
@incollection{rosch1978, 
  author      = {Rosch, Eleanor},
  title       = {Principles of Categorization},
  editor      = {Rosch, Eleanor and Lloyd, B. B.},
  booktitle   = {Cognition and Categorization},
  publisher   = {Erlbaum},
  address     = {Hillsdale},
  year        =  {1978},
  pages       = {28-49},
  }

@book{wittgenstein1953,
  title={Philosophical investigations},
  author={Wittgenstein, Ludwig},
  year={2009},
  origyear={1953},
  publisher={John Wiley \& Sons}
}

@book{taylor2003,
  title={Linguistic Categorization},
  author={Taylor, J.R.},
  series={Oxford Textbooks in Linguistics},
  year={2003},
  address={Oxford},
  publisher={OUP}
}

@incollection{labov1973,
  title={The boundaries of words and their meanings},
  author={Labov, William},
  booktitle={New Ways of Analyzing Variation in English},
  address={Washington, DC},
  pages={340--373},
  year={1973},
  publisher={Georgetown University Press}
}

@article{pelletier1994,
  title={The principle of semantic compositionality},
  author={Pelletier, Francis Jeffry},
  journal={Topoi},
  volume={13},
  number={1},
  pages={11--24},
  year={1994},
  publisher={Springer}
}

@book{gardenfors2000,
address = {Cambridge, Massachusetts},
author = {G{\"{a}}rdenfors, Peter},
booktitle = {Kognitionswissenschaft},
doi = {10.1007/s001970050015},
issn = {09387986},
pages = {185},
publisher = {MIT Press},
title = {{Conceptual spaces: The Geometry of Thought}},
volume = {4},
year = {2000}
}


@inproceedings{britz2009_172,
  title={Modelling object typicality in description logics},
  author={Britz, Katarina and Heidema, Johannes and Meyer, Thomas},
  booktitle={Australasian Joint Conference on Artificial Intelligence},
  pages={506--516},
  year={2009},
  organization={Springer}
}

@Article{britz2021,
  Author = {K. Britz and G. Casini and T. Meyer and K. Moodley and U. Sattler and I. Varzinczak},
  Title = {Principles of {KLM}-style Defeasible Description Logics},
  Journal = {ACM Transactions on Computational Logic},
  Volume = {22},
  Number = {1},
  Pages = {1-46},
  Year = {2021}
}

@inproceedings{casini2010,
  title={Rational closure for defeasible description logics},
  author={Casini, Giovanni and Straccia, Umberto},
  booktitle={European Workshop on Logics in Artificial Intelligence},
  pages={77--90},
  year={2010},
  organization={Springer}
}

@article{pozzato2018_35,
author = {Pozzato, Gian Luca},
journal = {CEUR Workshop Proceedings},
mendeley-groups = {Survey},
pages = {60--74},
title = {{On probabilities of exceptions in description logics of typicality}},
volume = {2214},
year = {2018}
}

@article{pozzato2017_45,
author = {Pozzato, Gian Luca},
journal = {European Conference on Symbolic and Quantitative Approaches to Reasoning and Uncertainty},
keywords = {Description Logics,Nonmonotonic Reasoning,Probabilities of exceptions,Typicality},
pages = {409--420},
title = {{Reasoning in description logics with typicalities and probabilities of exceptions}},
volume = {107},
year = {2017}
}

@inproceedings{pozzato2016_57,
  title={Reasoning about surprising scenarios in description logics of typicality},
  author={Pozzato, Gian Luca},
  booktitle={Conference of the Italian Association for Artificial Intelligence},
  pages={418--432},
  year={2016},
  organization={Springer}
}

@inproceedings{pozzato2015_70,
  title={Preferential description logics meet sports entertainment: cardinality restrictions and perfect extensions for a better royal rumble match},
  author={Pozzato, GIAN},
  booktitle={30Â° Convegno Italiano di Logica Computazionale},
  volume={1459},
  pages={159--174},
  year={2015},
  organization={CEUR Workshop Proceedings}
}

@article{lukasiewicz2009_193,
  title={Description logic programs under probabilistic uncertainty and fuzzy vagueness},
  author={Lukasiewicz, Thomas and Straccia, Umberto},
  journal={International journal of approximate reasoning},
  volume={50},
  number={6},
  pages={837--853},
  year={2009},
  publisher={Elsevier}
}

@article{britz2019_2,
author = {Britz, Katarina and Varzinczak, Ivan},
journal = {CEUR Workshop Proceedings},
title = {{Contextual rational closure for defeasible ALC}},
volume = {2373},
year = {2019}
}

@inproceedings{britz2016_59,
  title={Introducing role defeasibility in description logics},
  author={Britz, Katarina and Varzinczak, Ivan},
  booktitle={European Conference on Logics in Artificial Intelligence},
  pages={174--189},
  year={2016},
  organization={Springer}
}



@inproceedings{giordano2007,
  author    = {Laura Giordano and
               Valentina Gliozzi and
               Nicola Olivetti and
               Gian Luca Pozzato},
  editor    = {Nachum Dershowitz and
               Andrei Voronkov},
  title     = {Preferential Description Logics},
  booktitle = {Logic for Programming, Artificial Intelligence, and Reasoning, 14th
               International Conference, {LPAR},
               2007, Proceedings},
  series    = {LNCS},
  volume    = {4790},
  pages     = {257--272},
  publisher = {Springer},
  year      = {2007}
}



@inproceedings{giordano2008,
  title={Reasoning about typicality in preferential description logics},
  author={Giordano, Laura and Gliozzi, Valentina and Olivetti, Nicola and Pozzato, Gian Luca},
  booktitle={European Workshop on Logics in Artificial Intelligence},
  pages={192--205},
  year={2008},
  organization={Springer}
}

@article{giordano2009,
  title={$\mathcal{ALC}+\textbf{T}$: a preferential extension of description logics},
  author={Giordano, Laura and Olivetti, Nicola and Gliozzic, Valentina and Pozzato, Gian Luca},
  journal={Fundamenta Informaticae},
  volume={96},
  number={3},
  pages={341--372},
  year={2009},
  publisher={IOS Press}
}

@article{giordano2013,
  title={A non-monotonic description logic for reasoning about typicality},
  author={Giordano, Laura and Gliozzi, Valentina and Olivetti, Nicola and Pozzato, Gian Luca},
  journal={Artificial Intelligence},
  volume={195},
  pages={165--202},
  year={2013},
  publisher={Elsevier}
}

@inproceedings{britz2011,
  title={Semantic foundation for preferential description logics},
  author={Britz, Katarina and Meyer, Thomas and Varzinczak, Ivan},
  booktitle={Australasian Joint Conference on Artificial Intelligence},
  pages={491--500},
  year={2011},
  organization={Springer}
}

@article{varzinczak2018,
  title={A note on a description logic of concept and role typicality for defeasible reasoning over ontologies},
  author={Varzinczak, Ivan},
  journal={Logica Universalis},
  volume={12},
  number={3-4},
  pages={297--325},
  year={2018},
  publisher={Springer}
}

@inproceedings{booth2012,
  title={{PTL}: A propositional typicality logic},
  author={Booth, Richard and Meyer, Thomas and Varzinczak, Ivan},
  booktitle={European Workshop on Logics in Artificial Intelligence},
  pages={107--119},
  year={2012},
  organization={Springer}
}

@article{giordano2018,
  title={Defeasible Reasoning in $\mathcal{SROEL}$: from Rational Entailment to Rational Closure},
  author={Giordano, Laura and Dupr{\'e}, Daniele Theseider},
  journal={Fundamenta Informaticae},
  volume={161},
  number={1-2},
  pages={135--161},
  year={2018},
  publisher={IOS Press}
}

@article{bonatti2017,
  title={On the logical properties of the nonmonotonic description logic $\mathcal{DL}^\textrm{N}$},
  author={Bonatti, Piero A and Sauro, Luigi},
  journal={Artificial Intelligence},
  volume={248},
  pages={85--111},
  year={2017},
  publisher={Elsevier}
}

@inproceedings{bettaz2016,
  author    = {Ouarda Bettaz and
               Boustia Narhimene and
               A{\"{\i}}cha Mokhtari},
  editor    = {Robert J. Howlett and
               Lakhmi C. Jain and
               Bogdan Gabrys and
               Carlos Toro and
               Chee Peng Lim},
  title     = {Dynamic Delegation Based on Temporal Context},
  booktitle = {Knowledge-Based and Intelligent Information {\&} Engineering Systems:
               Proceedings of the 20th International Conference KES-2016, York, UK,
               5-7 September 2016},
  series    = {Procedia Computer Science},
  volume    = {96},
  pages     = {245--254},
  publisher = {Elsevier},
  year      = {2016}
}

@article{reiter1980,
  title={A logic for default reasoning},
  author={Reiter, Raymond},
  journal={Artificial intelligence},
  volume={13},
  number={1-2},
  pages={81--132},
  year={1980},
  publisher={Elsevier}
}

@article{baader1995,
  title={Embedding defaults into terminological knowledge representation formalisms},
  author={Baader, Franz and Hollunder, Bernhard},
  journal={Journal of Automated Reasoning},
  volume={14},
  number={1},
  pages={149--180},
  year={1995},
  publisher={Springer}
}

@inproceedings{frota2014,
  title={An $\mathcal{ALC}$ Description Default Logic with Exceptions-First},
  author={Frota, D{\'e}bora Farias and Martins, Ana Teresa and Alc{\^a}ntara, Jo{\~a}o and Bustamante, Luis Henrique},
  booktitle={2014 Brazilian Conference on Intelligent Systems},
  pages={172--179},
  year={2014},
  organization={IEEE}
}

@inproceedings{kolovski2006,
  author    = {Vladimir Kolovski and
               Bijan Parsia and
               Yarden Katz},
  editor    = {Bernardo Cuenca Grau and
               Pascal Hitzler and
               Conor Shankey and
               Evan Wallace},
  title     = {Implementing {OWL} Defaults},
  booktitle = {Proceedings of the OWLED*06 Workshop on {OWL:} Experiences and Directions,
               Athens, Georgia, USA, November 10-11, 2006},
  series    = {{CEUR} Workshop Proceedings},
  volume    = {216},
  publisher = {CEUR-WS.org},
  year      = {2006},
  url       = {http://ceur-ws.org/Vol-216/submission\_22.pdf},
}

@article{motik2010,
  author    = {Boris Motik and
               Riccardo Rosati},
  title     = {Reconciling description logics and rules},
  journal   = {J. {ACM}},
  volume    = {57},
  number    = {5},
  pages     = {30:1--30:62},
  year      = {2010}
}

@article{lehmann1992,
  author    = {Daniel Lehmann and
               Menachem Magidor},
  title     = {What does a Conditional Knowledge Base Entail?},
  journal   = {Artif. Intell.},
  volume    = {55},
  number    = {1},
  pages     = {1--60},
  year      = {1992},
  url       = {https://doi.org/10.1016/0004-3702(92)90041-U},
  doi       = {10.1016/0004-3702(92)90041-U},
  timestamp = {Fri, 09 Aug 2019 14:53:08 +0200},
  biburl    = {https://dblp.org/rec/journals/ai/LehmannM92.bib},
  bibsource = {dblp computer science bibliography, https://dblp.org}
}

@inproceedings{sengupta2015,
  author    = {Kunal Sengupta and
               Pascal Hitzler},
  editor    = {Marcelo Arenas and
               {\'{O}}scar Corcho and
               Elena Simperl and
               Markus Strohmaier and
               Mathieu d'Aquin and
               Kavitha Srinivas and
               Paul Groth and
               Michel Dumontier and
               Jeff Heflin and
               Krishnaprasad Thirunarayan and
               Steffen Staab},
  title     = {Towards Defeasible Mappings for Tractable Description Logics},
  booktitle = {The Semantic Web - {ISWC} 2015 - 14th International Semantic Web Conference,
               Bethlehem, PA, USA, October 11-15, 2015, Proceedings, Part {I}},
  series    = {Lecture Notes in Computer Science},
  volume    = {9366},
  pages     = {237--252},
  publisher = {Springer},
  year      = {2015}
}

@inproceedings{bozzato2014,
  author    = {Loris Bozzato and
               Thomas Eiter and
               Luciano Serafini},
  editor    = {Meghyn Bienvenu and
               Magdalena Ortiz and
               Riccardo Rosati and
               Mantas Simkus},
  title     = {Contextualized Knowledge Repositories with Justifiable Exceptions},
  booktitle = {Informal Proceedings of the 27th International Workshop on Description
               Logics, Vienna, Austria, July 17-20, 2014},
  series    = {{CEUR} Workshop Proceedings},
  volume    = {1193},
  pages     = {112--123},
  publisher = {CEUR-WS.org},
  year      = {2014}
}



@inproceedings{bozzato2019,
  author    = {Loris Bozzato and
               Thomas Eiter and
               Luciano Serafini},
  editor    = {G{\'{a}}bor Bella and
               Paolo Bouquet},
  title     = {Justifiable Exceptions in General Contextual Hierarchies},
  booktitle = {Modeling and Using Context - 11th International and Interdisciplinary
               Conference, {CONTEXT} 2019, Trento, Italy, November 20-22, 2019, Proceedings},
  series    = {Lecture Notes in Computer Science},
  volume    = {11939},
  pages     = {26--39},
  publisher = {Springer},
  year      = {2019},
}

@article{bozzato2018,
  author    = {Loris Bozzato and
               Thomas Eiter and
               Luciano Serafini},
  title     = {Enhancing context knowledge repositories with justifiable exceptions},
  journal   = {Artif. Intell.},
  volume    = {257},
  pages     = {72--126},
  year      = {2018}
}

@inproceedings{bonatti2010,
  author    = {Piero A. Bonatti and
               Marco Faella and
               Luigi Sauro},
  editor    = {Peter F. Patel{-}Schneider and
               Yue Pan and
               Pascal Hitzler and
               Peter Mika and
               Lei Zhang and
               Jeff Z. Pan and
               Ian Horrocks and
               Birte Glimm},
  title     = {$\mathcal{EL}$ with Default Attributes and
               Overriding},
  booktitle = {The Semantic Web - {ISWC} 2010 - 9th International Semantic Web Conference,
               {ISWC} 2010, Shanghai, China, November 7-11, 2010, Revised Selected
               Papers, Part {I}},
  series    = {Lecture Notes in Computer Science},
  volume    = {6496},
  pages     = {64--79},
  publisher = {Springer},
  year      = {2010}
}

@inproceedings{liu2008,
  author    = {Shaohua Liu and
               Junsheng Yu and
               Yinglong Ma and
               Xu Zhang and
               Xiaoming Liu and
               Hansheng Su},
  title     = {Prioritizing Default Rules Embedded in Description Logic Knowledge
               Base},
  booktitle = {Ninth {ACIS} International Conference on Software Engineering, Artificial
               Intelligence, Networking and Parallel/Distributed Computing, {SNPD}
               2008, In conjunction with Second International Workshop on Advanced
               Internet Technology and Applications, August 6-8, 2008, Phuket, Thailand},
  pages     = {416--421},
  publisher = {{IEEE} Computer Society},
  year      = {2008}
}

@book{levesque2004,
  author    = {Ronald J. Brachman and
               Hector J. Levesque},
  title     = {Knowledge Representation and Reasoning},
  publisher = {Elsevier},
  year      = {2004},
}

@inproceedings{yang2011,
  author    = {Qian Yang and
               Jia{-}Huai You and
               Zhiyong Feng},
  editor    = {Wolfram Burgard and
               Dan Roth},
  title     = {Integrating Rules and Description Logics by Circumscription},
  booktitle = {Proceedings of the Twenty-Fifth {AAAI} Conference on Artificial Intelligence,
               {AAAI} 2011, San Francisco, California, USA, August 7-11, 2011},
  publisher = {{AAAI} Press},
  year      = {2011},
  url       = {http://www.aaai.org/ocs/index.php/AAAI/AAAI11/paper/view/3652},
}

@inproceedings{bonatti2011,
  author    = {Piero A. Bonatti and
               Marco Faella and
               Luigi Sauro},
  editor    = {Wolfram Burgard and
               Dan Roth},
  title     = {Adding Default Attributes to $EL^{++}$},
  booktitle = {Proceedings of the Twenty-Fifth {AAAI} Conference on Artificial Intelligence,
               {AAAI} 2011, San Francisco, California, USA, August 7-11, 2011},
  publisher = {{AAAI} Press},
  year      = {2011}
}

@inproceedings{bonatti2015,
  author    = {Piero A. Bonatti and
               Marco Faella and
               Carsten Lutz and
               Luigi Sauro and
               Frank Wolter},
  editor    = {Thomas Eiter and
               Hannes Strass and
               Miroslaw Truszczynski and
               Stefan Woltran},
  title     = {Decidability of Circumscribed Description Logics Revisited},
  booktitle = {Advances in Knowledge Representation, Logic Programming, and Abstract
               Argumentation - Essays Dedicated to Gerhard Brewka on the Occasion
               of His 60th Birthday},
  series    = {Lecture Notes in Computer Science},
  volume    = {9060},
  pages     = {112--124},
  publisher = {Springer},
  year      = {2015}
}

@inproceedings{bonatti2006,
  author    = {Piero A. Bonatti and
               Carsten Lutz and
               Frank Wolter},
  editor    = {Patrick Doherty and
               John Mylopoulos and
               Christopher A. Welty},
  title     = {Description Logics with Circumscription},
  booktitle = {Proceedings, Tenth International Conference on Principles of Knowledge
               Representation and Reasoning, Lake District of the United Kingdom,
               June 2-5, 2006},
  pages     = {400--410},
  publisher = {{AAAI} Press},
  year      = {2006}
}



@article{bonatti2009,
  author    = {Piero A. Bonatti and
               Carsten Lutz and
               Frank Wolter},
  title     = {The Complexity of Circumscription in DLs},
  journal   = {J. Artif. Intell. Res.},
  volume    = {35},
  pages     = {717--773},
  year      = {2009},
  url       = {https://doi.org/10.1613/jair.2763},
  doi       = {10.1613/jair.2763},
  timestamp = {Mon, 21 Jan 2019 15:01:17 +0100},
  biburl    = {https://dblp.org/rec/journals/jair/BonattiLW09.bib},
  bibsource = {dblp computer science bibliography, https://dblp.org}
}

@inproceedings{grimm2009,
  author    = {Stephan Grimm and
               Pascal Hitzler},
  editor    = {Axel Polleres and
               Terrance Swift},
  title     = {A Preferential Tableaux Calculus for Circumscriptive $\mathcal{ALCO}$},
  booktitle = {Web Reasoning and Rule Systems, Third International Conference, {RR}
               2009, Chantilly, VA, USA, October 25-26, 2009, Proceedings},
  series    = {Lecture Notes in Computer Science},
  volume    = {5837},
  pages     = {40--54},
  publisher = {Springer},
  year      = {2009}
}

@inproceedings{xiaowangzhang2011,
  author    = {Xiaowang Zhang and
               Zuoquan Lin and
               Kewen Wang},
  editor    = {Xiaoyong Du and
               Wenfei Fan and
               Jianmin Wang and
               Zhiyong Peng and
               Mohamed A. Sharaf},
  title     = {A Tableau Algorithm for Paraconsistent and Nonmonotonic Reasoning
               in Description Logic-Based System},
  booktitle = {Web Technologies and Applications - 13th Asia-Pacific Web Conference,
               APWeb 2011, Beijing, China, April 18-20, 2011. Proceedings},
  series    = {Lecture Notes in Computer Science},
  volume    = {6612},
  pages     = {345--356},
  publisher = {Springer},
  year      = {2011}
}



@inproceedings{porello2019,
  author    = {Daniele Porello and
               Oliver Kutz and
               Guendalina Righetti and
               Nicolas Troquard and
               Pietro Galliani and
               Claudio Masolo},
  editor    = {Mantas Simkus and
               Grant E. Weddell},
  title     = {A Toothful of Concepts: Towards a Theory of Weighted Concept Combination},
  booktitle = {Proceedings of the 32nd International Workshop on Description Logics,
               Oslo, Norway, June 18-21, 2019},
  series    = {{CEUR} Workshop Proceedings},
  volume    = {2373},
  publisher = {CEUR-WS.org},
  year      = {2019}
}

@inproceedings{baader2016,
  author    = {Franz Baader and
               Andreas Ecke},
  editor    = {A.{-}H. Dediu and
               J. Janousek and
               C. Mart{\'{\i}}n{-}Vide and
               B. Truthe},
  title     = {Reasoning with Prototypes in the Description Logic \emph{ALC} {ALC}
               Using Weighted Tree Automata},
  booktitle = {Language and Automata Theory and Applications - 10th International
               Conference, {LATA} 2016, Prague, Czech Republic, March 14-18, 2016,
               Proceedings},
  series    = {Lecture Notes in Computer Science},
  volume    = {9618},
  pages     = {63--75},
  publisher = {Springer},
  year      = {2016}
}



@inproceedings{frixione2011,
  author    = {Marcello Frixione and
               Antonio Lieto},
  editor    = {Roberto Pirrone and
               Filippo Sorbello},
  title     = {Combining Description Logics and Typicality Effects in Formal Ontologies},
  booktitle = {AI*IA 2011: Artificial Intelligence Around Man and Beyond - XIIth
               International Conference of the Italian Association for Artificial
               Intelligence, Palermo, Italy, September 15-17, 2011. Proceedings},
  series    = {Lecture Notes in Computer Science},
  volume    = {6934},
  pages     = {401--406},
  publisher = {Springer},
  year      = {2011}
}

@inproceedings{casini2013,
  author    = {Giovanni Casini and
               Thomas Meyer and
               Ivan Jos{\'{e}} Varzinczak and
               Kodylan Moodley},
  editor    = {Thomas Eiter and
               Birte Glimm and
               Yevgeny Kazakov and
               Markus Kr{\"{o}}tzsch},
  title     = {Nonmonotonic Reasoning in Description Logics: Rational Closure for
               the ABox},
  booktitle = {Informal Proceedings of the 26th International Workshop on Description
               Logics, Ulm, Germany, July 23 - 26, 2013},
  series    = {{CEUR} Workshop Proceedings},
  volume    = {1014},
  pages     = {600--615},
  publisher = {CEUR-WS.org},
  year      = {2013}
}

@inproceedings{britz2018,
  author    = {Katarina Britz and
               Ivan Jos{\'{e}} Varzinczak},
  editor    = {Flavio Ferrarotti and
               Stefan Woltran},
  title     = {Rationality and Context in Defeasible Subsumption},
  booktitle = {Foundations of Information and Knowledge Systems - 10th International
               Symposium, FoIKS 2018, Budapest, Hungary, May 14-18, 2018, Proceedings},
  series    = {Lecture Notes in Computer Science},
  volume    = {10833},
  pages     = {114--132},
  publisher = {Springer},
  year      = {2018}
}

@inproceedings{gliozzi2016,
  author    = {Valentina Gliozzi},
  editor    = {Giovanni Adorni and
               Stefano Cagnoni and
               Marco Gori and
               Marco Maratea},
  title     = {Reasoning about Multiple Aspects in Rational Closure for DLs},
  booktitle = {AI*IA 2016: Advances in Artificial Intelligence - XVth International
               Conference of the Italian Association for Artificial Intelligence,
               Genova, Italy, November 29 - December 1, 2016, Proceedings},
  series    = {Lecture Notes in Computer Science},
  volume    = {10037},
  pages     = {392--405},
  publisher = {Springer},
  year      = {2016}
}

@article{gliozzi2018,
  author    = {Laura Giordano and
               Valentina Gliozzi},
  title     = {Reasoning about multiple aspects in DLs: Semantics and Closure Construction},
  journal   = {CoRR},
  volume    = {abs/1801.07161},
  year      = {2018},
  url       = {http://arxiv.org/abs/1801.07161},
  archivePrefix = {arXiv},
  eprint    = {1801.07161},
  timestamp = {Mon, 13 Aug 2018 16:47:57 +0200},
  biburl    = {https://dblp.org/rec/journals/corr/abs-1801-07161.bib},
  bibsource = {dblp computer science bibliography, https://dblp.org}
}

@article{gliozzi2019,
  author    = {Laura Giordano and
               Valentina Gliozzi},
  title     = {A reconstruction of the multipreference closure},
  journal   = {CoRR},
  volume    = {abs/1905.03855},
  year      = {2019},
  url       = {http://arxiv.org/abs/1905.03855}
}

@inproceedings{britz2017a,
  author    = {Katarina Britz and
               Ivan Jos{\'{e}} Varzinczak},
  editor    = {Andrew S. Gordon and
               Rob Miller and
               Gy{\"{o}}rgy Tur{\'{a}}n},
  title     = {Context-based defeasible subsumption for $d\mathcal{SROIQ}$},
  booktitle = {Proceedings of the Thirteenth International Symposium on Commonsense
               Reasoning, {COMMONSENSE} 2017, London, UK, November 6-8, 2017},
  series    = {{CEUR} Workshop Proceedings},
  volume    = {2052},
  publisher = {CEUR-WS.org},
  year      = {2017}
}

@inproceedings{britz2017b,
  author    = {Katarina Britz and
               Ivan Jos{\'{e}} Varzinczak},
  editor    = {Alessandro Artale and
               Birte Glimm and
               Roman Kontchakov},
  title     = {Towards Defeasible {SROIQ}},
  booktitle = {Proceedings of the 30th International Workshop on Description Logics,
               Montpellier, France, July 18-21, 2017},
  series    = {{CEUR} Workshop Proceedings},
  volume    = {1879},
  publisher = {CEUR-WS.org},
  year      = {2017}
}

@inproceedings{britz2019a,
  author    = {Katarina Britz and
               Giovanni Casini and
               Thomas Meyer and
               Ivan Varzinczak},
  editor    = {Carsten Lutz and
               Uli Sattler and
               Cesare Tinelli and
               Anni{-}Yasmin Turhan and
               Frank Wolter},
  title     = {A {KLM} Perspective on Defeasible Reasoning for Description Logics},
  booktitle = {Description Logic, Theory Combination, and All That - Essays Dedicated
               to Franz Baader on the Occasion of His 60th Birthday},
  series    = {Lecture Notes in Computer Science},
  volume    = {11560},
  pages     = {147--173},
  publisher = {Springer},
  year      = {2019}
}



@article{giordano2015,
  author    = {Laura Giordano and
               Valentina Gliozzi and
               Nicola Olivetti and
               Gian Luca Pozzato},
  title     = {Semantic characterization of rational closure: From propositional
               logic to description logics},
  journal   = {Artif. Intell.},
  volume    = {226},
  pages     = {1--33},
  year      = {2015}
}



@inproceedings{giordano2009_177,
  author    = {Laura Giordano and
               Valentina Gliozzi and
               Nicola Olivetti and
               Gian Luca Pozzato},
  editor    = {Esra Erdem and
               Fangzhen Lin and
               Torsten Schaub},
  title     = {Prototypical Reasoning with Low Complexity Description Logics: Preliminary
               Results},
  booktitle = {Logic Programming and Nonmonotonic Reasoning, 10th International Conference,
               {LPNMR} 2009, Potsdam, Germany, September 14-18, 2009. Proceedings},
  series    = {Lecture Notes in Computer Science},
  volume    = {5753},
  pages     = {430--436},
  publisher = {Springer},
  year      = {2009}
}



@inproceedings{giordano2011_137,
  author    = {Laura Giordano and
               Valentina Gliozzi and
               Nicola Olivetti and
               Gian Luca Pozzato},
  editor    = {Toby Walsh},
  title     = {Reasoning about Typicality in Low Complexity DLs: The Logics $\mathcal{EL}^\bot T_{min}$},
  booktitle = {{IJCAI} 2011, Proceedings of the 22nd International Joint Conference
               on Artificial Intelligence, Barcelona, Catalonia, Spain, July 16-22,
               2011},
  pages     = {894--899},
  publisher = {{IJCAI/AAAI}},
  year      = {2011},
  url       = {https://doi.org/10.5591/978-1-57735-516-8/IJCAI11-155},
  doi       = {10.5591/978-1-57735-516-8/IJCAI11-155},
  timestamp = {Tue, 20 Aug 2019 16:16:04 +0200},
  biburl    = {https://dblp.org/rec/conf/ijcai/GiordanoGOP11.bib},
  bibsource = {dblp computer science bibliography, https://dblp.org}
}



@article{giordano2018_32,
  author    = {Laura Giordano and
               Valentina Gliozzi and
               Nicola Olivetti},
  title     = {Towards a Rational Closure for Expressive Description Logics: the Case of $\mathcal{SHIQ}$},
  journal   = {Fundam. Inform.},
  volume    = {159},
  number    = {1-2},
  pages     = {95--122},
  year      = {2018}
}



@inproceedings{giordano2015_68,
  author    = {Laura Giordano and
               Valentina Gliozzi},
  editor    = {Floriana Esposito and
               Olivier Pivert and
               Mohand{-}Sa{\"{\i}}d Hacid and
               Zbigniew W. Ras and
               Stefano Ferilli},
  title     = {Encoding a Preferential Extension of the Description Logic \emph{SROIQ}
               into \emph{SROIQ}},
  booktitle = {Foundations of Intelligent Systems - 22nd International Symposium,
               {ISMIS} 2015, Lyon, France, October 21-23, 2015, Proceedings},
  series    = {Lecture Notes in Computer Science},
  volume    = {9384},
  pages     = {248--258},
  publisher = {Springer},
  year      = {2015}
}

@article{kraus1990,
  author    = {Sarit Kraus and
               Daniel Lehmann and
               Menachem Magidor},
  title     = {Nonmonotonic Reasoning, Preferential Models and Cumulative Logics},
  journal   = {Artif. Intell.},
  volume    = {44},
  number    = {1-2},
  pages     = {167--207},
  year      = {1990},
}

@article{lehmann95,
  author    = {Daniel Lehmann},
  title     = {Another Perspective on Default Reasoning},
  journal   = {Ann. Math. Artif. Intell.},
  volume    = {15},
  number    = {1},
  pages     = {61--82},
  year      = {1995}
}

@inproceedings{moodley20_85,
  author    = {Giovanni Casini and
               Thomas Meyer and
               Kodylan Moodley and
               Riku Nortje},
  editor    = {Eduardo Ferm{\'{e}} and
               Jo{\~{a}}o Leite},
  title     = {Relevant Closure: {A} New Form of Defeasible Reasoning for Description
               Logics},
  booktitle = {Logics in Artificial Intelligence - 14th European Conference, {JELIA}
               2014, Funchal, Madeira, Portugal, September 24-26, 2014. Proceedings},
  series    = {Lecture Notes in Computer Science},
  volume    = {8761},
  pages     = {92--106},
  publisher = {Springer},
  year      = {2014}
}

@inproceedings{PenselTurhan2017,
  author = {Maximilian {Pensel} and Anni-Yasmin {Turhan}},
  booktitle = {Proceedings of the 14th International Conference on Logic Programming and Nonmonotonic Reasoning - {LPNMR}},
  doi = {https://doi.org/10.1007/978-3-319-61660-5_9},
  editor = {Marcello {Balduccini} and Tomi {Janhunen}},
  pages = {78--84},
  publisher = {Springer},
  title = {Including Quantification in Defeasible Reasoning for the Description Logic $\mathcal{EL}_{\bot}$},
  year = {2017},
}

@inproceedings{giordano2019_12,
  author    = {Laura Giordano and
               Valentina Gliozzi},
  editor    = {Alberto Casagrande and
               Eugenio G. Omodeo},
  title     = {Strengthening the Rational Closure for Description Logics: An Overview},
  booktitle = {Proceedings of the 34th Italian Conference on Computational Logic,
               Trieste, Italy, June 19-21, 2019},
  series    = {{CEUR} Workshop Proceedings},
  volume    = {2396},
  pages     = {68--81},
  publisher = {CEUR-WS.org},
  year      = {2019}
}

@inproceedings{giordano2018_37,
  author    = {Laura Giordano and
               Valentina Gliozzi},
  editor    = {Thomas Lukasiewicz and
               Rafael Pe{\~{n}}aloza and
               Anni{-}Yasmin Turhan},
  title     = {Reasoning About Exceptions in Ontologies: from the Lexicographic Closure
               to the Skeptical Closure},
  booktitle = {Proceedings of the Second Workshop on Logics for Reasoning about Preferences,
               Uncertainty, and Vagueness co-located with the 9th International Joint
               Conference on Automated Reasoning, PRUV@IJCAR 2018, Oxford, UK, July
               19th, 2018},
  series    = {{CEUR} Workshop Proceedings},
  volume    = {2157},
  publisher = {CEUR-WS.org},
  year      = {2018}
}

@inproceedings{casini2012,
  title={Lexicographic closure for defeasible description logics},
  author={Casini, Giovanni and Straccia, Umberto},
  booktitle={Proc. of Australasian Ontology Workshop},
  volume={969},
  pages={28--39},
  year={2012},
  organization={Citeseer}
}

@inproceedings{giordano2011_144,
  author    = {Laura Giordano and
               Valentina Gliozzi and
               Nicola Olivetti and
               Gian Luca Pozzato},
  editor    = {Roberto Pirrone and
               Filippo Sorbello},
  title     = {A Tableau Calculus for a Nonmonotonic Extension of the Description Logic $DL-Lite_{core}$},
  booktitle = {AI*IA 2011: Artificial Intelligence Around Man and Beyond - XIIth
               International Conference of the Italian Association for Artificial
               Intelligence, Palermo, Italy, September 15-17, 2011. Proceedings},
  series    = {Lecture Notes in Computer Science},
  volume    = {6934},
  pages     = {164--176},
  publisher = {Springer},
  year      = {2011},
  url       = {https://doi.org/10.1007/978-3-642-23954-0\_17}
}

@inproceedings{giordano2011_149,
  author    = {Laura Giordano and
               Valentina Gliozzi and
               Nicola Olivetti and
               Gian Luca Pozzato},
  editor    = {Kai Br{\"{u}}nnler and
               George Metcalfe},
  title     = {A Tableau Calculus for a Nonmonotonic Extension of $\mathcal{EL}^\bot$},
  booktitle = {Automated Reasoning with Analytic Tableaux and Related Methods - 20th
               International Conference, {TABLEAUX} 2011, Bern, Switzerland, July
               4-8, 2011. Proceedings},
  series    = {Lecture Notes in Computer Science},
  volume    = {6793},
  pages     = {180--195},
  publisher = {Springer},
  year      = {2011}
  }



@inproceedings{britz2017_48,
  author    = {Katarina Britz and
               Ivan Jos{\'{e}} Varzinczak},
  editor    = {Alessandro Artale and
               Birte Glimm and
               Roman Kontchakov},
  title     = {Towards Defeasible {SROIQ}},
  booktitle = {Proceedings of the 30th International Workshop on Description Logics,
               Montpellier, France, July 18-21, 2017},
  series    = {{CEUR} Workshop Proceedings},
  volume    = {1879},
  publisher = {CEUR-WS.org},
  year      = {2017}
}

@article{varzinczak2018_25,
  author    = {Ivan Varzinczak},
  title     = {A Note on a Description Logic of Concept and Role Typicality for Defeasible
               Reasoning Over Ontologies},
  journal   = {Logica Universalis},
  volume    = {12},
  number    = {3-4},
  pages     = {297--325},
  year      = {2018}
}

@inproceedings{britz2019_10,
  author    = {Katarina Britz and
               Ivan Varzinczak},
  editor    = {Serenella Cerrito and
               Andrei Popescu},
  title     = {Preferential Tableaux for Contextual Defeasible \emph{ALC}},
  booktitle = {Automated Reasoning with Analytic Tableaux and Related Methods - 28th
               International Conference, {TABLEAUX} 2019, London, UK, September 3-5,
               2019, Proceedings},
  series    = {Lecture Notes in Computer Science},
  volume    = {11714},
  pages     = {39--57},
  publisher = {Springer},
  year      = {2019}
}

@article{guesmia2018,
  author    = {Khalida Guesmia and
               Boustia Narhimene},
  title     = {OrBAC from access control model to access usage model},
  journal   = {Appl. Intell.},
  volume    = {48},
  number    = {8},
  pages     = {1996--2016},
  year      = {2018}
}

@inproceedings{meditskos2016,
  author    = {Georgios Meditskos and
               Efstratios Kontopoulos and
               Stefanos Vrochidis and
               Yiannis Kompatsiaris},
  editor    = {Adrian Paschke and
               Albert Burger and
               Andrea Splendiani and
               M. Scott Marshall and
               Paolo Romano},
  title     = {Ontology-Driven Context Interpretation and Conflict Resolution in
               Dialogue-Based Home Care Assistance},
  booktitle = {Proceedings of the 9th International Conference Semantic Web Applications
               and Tools for Life Sciences, Amsterdam, The Netherlands, December
               5-8, 2016},
  series    = {{CEUR} Workshop Proceedings},
  volume    = {1795},
  publisher = {CEUR-WS.org},
  year      = {2016}
}

@article{gomez2010,
  author    = {Sergio Alejandro G{\'{o}}mez and
               Carlos Iv{\'{a}}n Ches{\~{n}}evar and
               Guillermo Ricardo Simari},
  title     = {Reasoning with Inconsistent Ontologies through Argumentation},
  journal   = {Appl. Artif. Intell.},
  volume    = {24},
  number    = {1{\&}2},
  pages     = {102--148},
  year      = {2010}
}

@inproceedings{eiter2006,
  author    = {Thomas Eiter and
               Giovambattista Ianni and
               Axel Polleres and
               Roman Schindlauer and
               Hans Tompits},
  editor    = {Pedro Barahona and
               Fran{\c{c}}ois Bry and
               Enrico Franconi and
               Nicola Henze and
               Ulrike Sattler},
  title     = {Reasoning with Rules and Ontologies},
  booktitle = {Reasoning Web, Second International Summer School 2006, Lisbon, Portugal,
               September 4-8, 2006, Tutorial Lectures},
  series    = {Lecture Notes in Computer Science},
  volume    = {4126},
  pages     = {93--127},
  publisher = {Springer},
  year      = {2006}
}

@inproceedings{knorr2012,
  author    = {Matthias Knorr and
               Pascal Hitzler and
               Frederick Maier},
  editor    = {Luc De Raedt and
               Christian Bessiere and
               Didier Dubois and
               Patrick Doherty and
               Paolo Frasconi and
               Fredrik Heintz and
               Peter J. F. Lucas},
  title     = {Reconciling {OWL} and Non-monotonic Rules for the Semantic Web},
  booktitle = {{ECAI} 2012 - 20th European Conference on Artificial Intelligence.
               Including Prestigious Applications of Artificial Intelligence {(PAIS-2012)}
               System Demonstrations Track, Montpellier, France, August 27-31 , 2012},
  series    = {Frontiers in Artificial Intelligence and Applications},
  volume    = {242},
  pages     = {474--479},
  publisher = {{IOS} Press},
  year      = {2012}
}


@article{pensel2018a,
  author = {Maximilian {Pensel} and Anni-Yasmin {Turhan}},
  doi = {https://doi.org/10.1016/j.ijar.2018.08.005},
  journal = {International Journal of Approximate Reasoning ({IJAR})},
  pages = {28--70},
  title = {Reasoning in the Defeasible Description Logic $\mathcal{EL}_{\bot}$---Computing Standard Inferences under Rational and Relevant Semantics},
  volume = {103},
  year = {2018},
  }


@inproceedings{pensel2018b,
  author    = {Maximilian Pensel and
               Anni{-}Yasmin Turhan},
  title     = {Computing Standard Inferences under Rational and Relevant Semantics
               in Defeasible $\mathcal{EL}_\bot$},
  booktitle = {Proceedings of the 31st International Workshop on Description Logics
               co-located with 16th International Conference on Principles of Knowledge
               Representation and Reasoning {(KR} 2018), Tempe, Arizona, US, October
               27th - to - 29th, 2018},
  year      = {2018}
  }



@inproceedings{baader2015,
  author    = {Franz Baader and
               Gerhard Brewka and
               Oliver Fernandez Gil},
  editor    = {Carsten Lutz and
               Silvio Ranise},
  title     = {Adding Threshold Concepts to the Description Logic $\mathcal{EL}$},
  booktitle = {Frontiers of Combining Systems - 10th International Symposium, FroCoS
               2015, Wroclaw, Poland, September 21-24, 2015. Proceedings},
  series    = {Lecture Notes in Computer Science},
  volume    = {9322},
  pages     = {33--48},
  publisher = {Springer},
  year      = {2015}
}

@article{krotzsch2013,
  author    = {Markus Kr{\"{o}}tzsch and
               Sebastian Rudolph and
               Pascal Hitzler},
  title     = {Complexities of Horn Description Logics},
  journal   = {{ACM} Trans. Comput. Log.},
  volume    = {14},
  number    = {1},
  pages     = {2:1--2:36},
  year      = {2013}
}

@article{giordano2020,
  author    = {Laura Giordano and
               Daniele Theseider Dupr{\'{e}}},
  title     = {A framework for a modular multi-concept lexicographic closure semantics},
  journal   = {CoRR},
  volume    = {abs/2009.00964},
  year      = {2020}
}

@inproceedings{ragni2020,
  author    = {Marco Ragni and
               Gabriele Kern{-}Isberner and
               Christoph Beierle and
               Kai Sauerwald},
  editor    = {Giuseppe De Giacomo and
               Alejandro Catal{\'{a}} and
               Bistra Dilkina and
               Michela Milano and
               Sen{\'{e}}n Barro and
               Alberto Bugar{\'{\i}}n and
               J{\'{e}}r{\^{o}}me Lang},
  title     = {Cognitive Logics - Features, Formalisms, and Challenges},
  booktitle = {{ECAI} 2020 - 24th European Conference on Artificial Intelligence,
               29 August-8 September 2020, Santiago de Compostela, Spain, August
               29 - September 8, 2020 - Including 10th Conference on Prestigious
               Applications of Artificial Intelligence {(PAIS} 2020)},
  series    = {Frontiers in Artificial Intelligence and Applications},
  volume    = {325},
  pages     = {2931--2932},
  publisher = {{IOS} Press},
  year      = {2020}
}

@article{mccarthy1980,
  author    = {John McCarthy},
  title     = {Circumscription - {A} Form of Non-Monotonic Reasoning},
  journal   = {Artif. Intell.},
  volume    = {13},
  number    = {1-2},
  pages     = {27--39},
  year      = {1980}
}

@book{kahneman2011,
  address = {New York},
  author = {Kahneman, Daniel},
  isbn = {9780374275631 0374275637},
  publisher = {Farrar, Straus and Giroux},
  title = {Thinking, fast and slow},
  year = 2011
}

@inproceedings{papacchini2018,
  author    = {Fabio Papacchini and
               Frank Wolter},
  editor    = {Magdalena Ortiz and
               Thomas Schneider},
  title     = {A Van Benthem Theorem for Horn Description and Modal Logic},
  booktitle = {Proceedings of the 31st International Workshop on Description Logics
               co-located with 16th International Conference on Principles of Knowledge
               Representation and Reasoning {(KR} 2018), Tempe, Arizona, US, October
               27th - to - 29th, 2018},
  series    = {{CEUR} Workshop Proceedings},
  volume    = {2211},
  publisher = {CEUR-WS.org},
  year      = {2018}
}

@article{lieto2017_dualpeccs,
  author    = {Antonio Lieto and
               Daniele Paolo Radicioni and
               Valentina Rho},
  title     = {Dual {PECCS:} a cognitive system for conceptual representation and
               categorization},
  journal   = {J. Exp. Theor. Artif. Intell.},
  volume    = {29},
  number    = {2},
  pages     = {433--452},
  year      = {2017},
  url       = {https://doi.org/10.1080/0952813X.2016.1198934},
  doi       = {10.1080/0952813X.2016.1198934},
  timestamp = {Thu, 05 Nov 2020 08:52:26 +0100},
  biburl    = {https://dblp.org/rec/journals/jetai/LietoRR17.bib},
  bibsource = {dblp computer science bibliography, https://dblp.org}
}

@inproceedings{giordano2019_extra,
  author    = {Laura Giordano and
               Valentina Gliozzi},
  editor    = {Gabriele Kern{-}Isberner and
               Zoran Ognjanovic},
  title     = {Reasoning About Exceptions in Ontologies: An Approximation of the
               Multipreference Semantics},
  booktitle = {Symbolic and Quantitative Approaches to Reasoning with Uncertainty,
               15th European Conference, {ECSQARU} 2019, Belgrade, Serbia, September
               18-20, 2019, Proceedings},
  series    = {Lecture Notes in Computer Science},
  volume    = {11726},
  pages     = {212--225},
  publisher = {Springer},
  year      = {2019}
}

@article{giordano2018_extra,
  title={Reasoning about multiple aspects in dls: Semantics and closure construction},
  author={Giordano, Laura and Gliozzi, Valentina},
  journal={arXiv preprint arXiv:1801.07161},
  year={2018}
}

@phdthesis{pensel2019,
  author    = {Maximilian Pensel},
  title     = {A Lightweight Defeasible Description Logic in Depth - Quantification
               in Rational Reasoning and Beyond},
  school    = {{TU} Dresden, Germany},
  year      = {2019}
}

@inproceedings{baader2005_pushing,
  author    = {Franz Baader and
               Sebastian Brandt and
               Carsten Lutz},
  editor    = {Leslie Pack Kaelbling and
               Alessandro Saffiotti},
  title     = {Pushing the $\mathcal{EL}$ Envelope},
  booktitle = {IJCAI-05, Proceedings of the Nineteenth International Joint Conference
               on Artificial Intelligence},
  pages     = {364--369},
  publisher = {Professional Book Center},
  year      = {2005},
  url       = {http://ijcai.org/Proceedings/05/Papers/0372.pdf},
  timestamp = {Tue, 20 Aug 2019 16:18:17 +0200},
  biburl    = {https://dblp.org/rec/conf/ijcai/BaaderBL05.bib},
  bibsource = {dblp computer science bibliography, https://dblp.org}
}

@article{hitzler_2013,
  author    = {Markus Kr{\"{o}}tzsch and
               Sebastian Rudolph and
               Pascal Hitzler},
  title     = {Complexities of Horn Description Logics},
  journal   = {{ACM} Trans. Comput. Log.},
  volume    = {14},
  number    = {1},
  pages     = {2:1--2:36},
  year      = {2013}
}


@article{Bonatti15,
  author    = {Piero A. Bonatti and
               Marco Faella and
               Iliana M. Petrova and
               Luigi Sauro},
  title     = {A new semantics for overriding in description logics},
  journal   = {Artificial Intelligence},
  volume    = {222},
  pages     = {1--48},
  publisher = {Elsevier},
  year      = {2015}
}

%%%%%%%%




@inproceedings{CasiniC14-relevant,
	author="Casini, Giovanni
	and Meyer, Thomas
	and Moodley, Kodylan
	and Nortj{\'e}, Riku",
	title="Relevant Closure: A New Form of Defeasible Reasoning for Description Logics",
	booktitle = "Proceedings of the 14th European Conference on Logics in Artificial Intelligence (JELIA'14)",
	year="2014",	
	pages="92--106"
}







@techreport{ dCTu-LTCS-22-02,
	author = {Igor {de Camargo e Souza CÃ¢mara} and Anni-Yasmin Turhan},
	title = {Deciding Defeasible Subsumption in  $\mathcal{ELI}_{\bot}$~--- Extending Typicality Models to Inverse Roles},
	address = {Dresden, Germany},
	institution = {Chair of Automata Theory, Inst.\ of TCS, TU Dresden},
	number = {22-02},
	type = {LTCS-Report},
	year = {2022},
	note = {available from \url{https://tu-dresden.de/ing/informatik/thi/lat/forschung/technische-berichte}}
	}
	
	













